@misc{python,
    author = "{Python Software Foundation}",
    title = "{Python Language Reference}",
    year = {2023},
    howpublished = {\url{https://www.python.org}},
    note = {Accessed: 2023-10-27}
}

@misc{raspberrypi,
    author = "{Raspberry Pi Foundation}",
    title = "{Raspberry Pi Documentation}",
    year = {2023},
    howpublished = {\url{https://www.raspberrypi.org/documentation/}},
    note = {Accessed: 2023-10-27}
}

@misc{flask,
    author = "{Pocoo}",
    title = "{Flask - Web Development, One Drop at a Time}",
    year = {2023},
    howpublished = {\url{https://flask.palletsprojects.com/}},
    note = {Accessed: 2023-10-27}
}

@misc{aws,
    author = "{Amazon Web Services, Inc.}",
    title = "{What is AWS?}",
    year = {2023},
    howpublished = {\url{https://aws.amazon.com/what-is-aws/}},
    note = {Accessed: 2023-10-27}
}

@misc{pubnub,
    author = "{PubNub Inc.}",
    title = "{Real-time Communication APIs and Platform}",
    year = {2023},
    howpublished = {\url{https://www.pubnub.com/}},
    note = {Accessed: 2023-10-27}
}